<record><leader>00000cas a22000007a 4500</leader><controlfield tag="001">33193341</controlfield><controlfield tag="008">950923d19591970okuwr n       0    0eng d</controlfield><datafield ind1=" " ind2=" " tag="010"><subfield code="a">sn 95076147 </subfield></datafield><datafield ind1=" " ind2=" " tag="040"><subfield code="a">OBN</subfield><subfield code="b">eng</subfield><subfield code="c">OBN</subfield><subfield code="d">OCLCQ</subfield><subfield code="d">OCLCF</subfield><subfield code="d">OCLCO</subfield></datafield><datafield ind1=" " ind2=" " tag="043"><subfield code="a">n-us-ok</subfield></datafield><datafield ind1="0" ind2=" " tag="130"><subfield code="a">Lincoln County news (Chandler, Okla. : 1959)</subfield></datafield><datafield ind1="1" ind2="0" tag="245"><subfield code="a">Lincoln County news.</subfield></datafield><datafield ind1=" " ind2=" " tag="260"><subfield code="a">Chandler, Okla. :</subfield><subfield code="b">Dewey F. Curry</subfield></datafield><datafield ind1=" " ind2=" " tag="300"><subfield code="a">v.</subfield></datafield><datafield ind1=" " ind2=" " tag="310"><subfield code="a">Weekly</subfield></datafield><datafield ind1="0" ind2=" " tag="362"><subfield code="a">Vol. 68, no. 34 (Apr. 16, 1959)-v. 79, no. 30 (Mar. 5, 1970).</subfield></datafield><datafield ind1=" " ind2="0" tag="651"><subfield code="a">Chandler (Okla.)</subfield><subfield code="v">Newspapers.</subfield></datafield><datafield ind1=" " ind2="0" tag="651"><subfield code="a">Lincoln County (Okla.)</subfield><subfield code="v">Newspapers.</subfield></datafield><datafield ind1=" " ind2="7" tag="655"><subfield code="a">Newspapers.</subfield><subfield code="2">fast</subfield><subfield code="0">(OCoLC)fst01423814</subfield></datafield><datafield ind1=" " ind2="7" tag="651"><subfield code="a">Oklahoma</subfield><subfield code="z">Chandler.</subfield><subfield code="2">fast</subfield><subfield code="0">(OCoLC)fst01228735</subfield></datafield><datafield ind1=" " ind2="7" tag="651"><subfield code="a">Oklahoma</subfield><subfield code="z">Lincoln County.</subfield><subfield code="2">fast</subfield><subfield code="0">(OCoLC)fst01223982</subfield></datafield><datafield ind1=" " ind2=" " tag="752"><subfield code="a">United States</subfield><subfield code="b">Oklahoma</subfield><subfield code="c">Lincoln</subfield><subfield code="d">Chandler.</subfield></datafield><datafield ind1="0" ind2="4" tag="780"><subfield code="t">Lincoln County republican (Chandler, Okla.)</subfield><subfield code="w">(DLC)sn 95076141</subfield><subfield code="w">(OCoLC)33193247</subfield></datafield><datafield ind1="0" ind2="4" tag="780"><subfield code="t">Chander news-publicist (Chandler, Okla. : 1909)</subfield><subfield code="w">(DLC)sn 95076146</subfield><subfield code="w">(OCoLC)33193338</subfield></datafield><datafield ind1="0" ind2="0" tag="785"><subfield code="t">Lincoln County news and reporter</subfield><subfield code="w">(DLC)sn 95076148</subfield><subfield code="w">(OCoLC)33193346</subfield></datafield></record>